<?xml version="1.0" encoding="UTF-8"?><record xmlns="http://www.loc.gov/MARC21/slim" xmlns:cinclude="http://apache.org/cocoon/include/1.0" xmlns:zs="http://www.loc.gov/zing/srw/">
  <leader>00477nz  a2200133n  4500</leader>
  <controlfield tag="001">no2002090258</controlfield>
  <controlfield tag="003">DLC</controlfield>
  <controlfield tag="005">20021003052645.0</controlfield>
  <controlfield tag="008">021002n| acannaabn          |n ana     c</controlfield>
  <datafield tag="010" ind1=" " ind2=" ">
    <subfield code="a">no2002090258</subfield>
  </datafield>
  <datafield tag="035" ind1=" " ind2=" ">
    <subfield code="a">(OCoLC)oca05877910</subfield>
  </datafield>
  <datafield tag="040" ind1=" " ind2=" ">
    <subfield code="a">DGPO</subfield>
    <subfield code="b">eng</subfield>
    <subfield code="c">DGPO</subfield>
  </datafield>
  <datafield tag="110" ind1="1" ind2=" ">
    <subfield code="a">United States.</subfield>
    <subfield code="b">Benjamin Franklin Tercentenary Commission</subfield>
  </datafield>
  <datafield tag="670" ind1=" " ind2=" ">
    <subfield code="a">United States. Benjamin Franklin Tercentenary Commission Act, 2002:</subfield>
    <subfield code="b">p. 1 (An Act to Establish the Benjamin Franklin Tercentenary Commission)</subfield>
  </datafield>
</record>